@book {MR1771925,
    AUTHOR = {Serre, Jean-Pierre},
     TITLE = {Local algebra},
    SERIES = {Springer Monographs in Mathematics},
      NOTE = {Translated from the French by CheeWhye Chin and revised by the
              author},
 PUBLISHER = {Springer-Verlag, Berlin},
      YEAR = {2000},
     PAGES = {xiv+128},
      ISBN = {3-540-66641-9},
   MRCLASS = {13-01 (13D05 13H05 13H15)},
  MRNUMBER = {1771925},
       DOI = {10.1007/978-3-662-04203-8},
       URL = {https://doi.org/10.1007/978-3-662-04203-8},
}